<?xml version="1.0" encoding="UTF-8"?><collection xmlns="http://www.loc.gov/MARC21/slim"><record><leader>00376nam--2200133-i-4500</leader><controlfield tag="001">000025598</controlfield><controlfield tag="002">20161230</controlfield><controlfield tag="005">20161230201036</controlfield><controlfield tag="008">060222s1000------------r-----000-0-eng-d</controlfield><datafield ind1=" " ind2=" " tag="080"><subfield code="a">621.039.764:628.394:502.55(204)</subfield></datafield><datafield ind1=" " ind2=" " tag="245"><subfield code="a">Impacts of radionuclide releases into the marina environment</subfield></datafield><datafield ind1=" " ind2=" " tag="260"><subfield code="a">Vienna, I.A.E.A., 1981. 748p</subfield></datafield><datafield ind1=" " ind2=" " tag="490"><subfield code="a">Proceedings Series</subfield></datafield><datafield ind1=" " ind2=" " tag="852"><subfield code="a">49335</subfield></datafield></record></collection>